@article{mikolov1, 
	title={Efficient Estimation of Word Representations in Vector Space},
	author={Tomas Mikolov and Kai Chen and Greg Corrado and Jeffrey Dean},
	journal={ICLR Workshop},
	year={2013}
}


@article{mikolov2, 
	title={Distributed Representations of Words and Phrases and their Compositionality},
	author={ Tomas Mikolov and Ilya Sutskever and Kai Chen and Greg Corrado and Jeffrey Dean},
	journal={NIPS},
	year={2012}
}

@article{mikolov3, 
	title={Linguistic Regularities in Continuous Space Word Representations},
	author={Tomas Mikolov and Wen-tau Yih and Geoffrey Zweig},
	journal={HLT-NAACL},
	year={2013}
}

@article{mikolov4, 
	title={Exploiting Similarities among Languages for Machine Translation},
	author={Tomas Mikolov and Quoc V. Le and Ilya Sutskever},
	journal={CoRR},
  	volume={abs/1309.4168},	
	year={2013}
}

@article{bengio, 
	title={A Neural Probabilistic Language Model},
	author={Yoshua  Bengio and Réjean Ducharme and Pascal Vincent and Christian Jauvin},
	journal={JMLR},
	year={2003}
}

@article{mikolov5, 
	title={Recurrent neural network based language model},
	author={Tomas Mikolov and Martin Karafiát and Lukas Burget and Jan Cernocký and Sanjeev Khudanpur},
	journal={INTERSPEECH},
	year={2010}
}

@misc{word2vec,
  title = "Word2Vec Project",
  author = "Google",
  howpublished = "\url{https://code.google.com/p/word2vec/}"
}


@article{word2vec_explained, 
	title={word2vec Explained: deriving Mikolov et al.'s negative-sampling word-embedding method},
	author={Yoav Goldberg and Omer Levy},
	journal={Arxiv1402.3722v1},
	year={2010}
}
